<record><leader>00000cas a22000007a 4500</leader><controlfield tag="001">16049984</controlfield><controlfield tag="008">870623c19379999iauwr ne      0    0eng d</controlfield><controlfield tag="009">5087</controlfield><datafield ind1=" " ind2=" " tag="010"><subfield code="a">sn 87058092 </subfield></datafield><datafield ind1=" " ind2=" " tag="040"><subfield code="a">INP</subfield><subfield code="b">eng</subfield><subfield code="c">INP</subfield></datafield><datafield ind1=" " ind2=" " tag="042"><subfield code="a">msc</subfield></datafield><datafield ind1="0" ind2=" " tag="130"><subfield code="a">New Hampton tribune (New Hampton, Iowa : 1937)</subfield></datafield><datafield ind1="0" ind2="4" tag="245"><subfield code="a">The New Hampton tribune.</subfield></datafield><datafield ind1=" " ind2=" " tag="260"><subfield code="a">New Hampton, Iowa :</subfield><subfield code="b">E.J. Feuling,</subfield><subfield code="c">1937-</subfield></datafield><datafield ind1=" " ind2=" " tag="300"><subfield code="a">v.</subfield></datafield><datafield ind1=" " ind2=" " tag="310"><subfield code="a">Weekly</subfield></datafield><datafield ind1="0" ind2=" " tag="362"><subfield code="a">Vol. 61, no. 1 (Jan. 7, 1937)-</subfield></datafield><datafield ind1=" " ind2=" " tag="500"><subfield code="a">Publisher varies.</subfield></datafield><datafield ind1=" " ind2=" " tag="500"><subfield code="a">Includes sections called: Lawler dispatch, Jan. 7-Mar. 18, 1937; Alta Vistan, Jan. 7-Mar. 18, 1937; Lawler section, Mar. 25, 1937-&lt;Apr. 20, 1939&gt;; Alta Vista section and Alta Vistan section, Mar. 25, 1937-&lt;Oct. 1978&gt;.</subfield></datafield><datafield ind1=" " ind2=" " tag="752"><subfield code="a">United States</subfield><subfield code="b">Iowa</subfield><subfield code="c">Chickasaw</subfield><subfield code="d">New Hampton.</subfield></datafield><datafield ind1=" " ind2=" " tag="752"><subfield code="a">United States</subfield><subfield code="b">Iowa</subfield><subfield code="c">Chickasaw</subfield><subfield code="d">Lawler.</subfield></datafield><datafield ind1=" " ind2=" " tag="752"><subfield code="a">United States</subfield><subfield code="b">Iowa</subfield><subfield code="c">Chickasaw</subfield><subfield code="d">Alta Vista.</subfield></datafield><datafield ind1="1" ind2=" " tag="777"><subfield code="t">New Hampton economist</subfield><subfield code="w">(DLC)sn 87058137</subfield><subfield code="g">&lt;1957-</subfield></datafield><datafield ind1="0" ind2="0" tag="780"><subfield code="t">New Hampton tribune-gazette</subfield><subfield code="w">(DLC)sn 87058091</subfield></datafield><datafield ind1="0" ind2="5" tag="780"><subfield code="t">Lawler dispatch</subfield><subfield code="w">(DLC)sn 91056025</subfield></datafield><datafield ind1="1" ind2=" " tag="787"><subfield code="t">Lawler dispatch</subfield></datafield><datafield ind1="1" ind2=" " tag="787"><subfield code="t">Lawler section</subfield></datafield><datafield ind1="1" ind2=" " tag="787"><subfield code="t">Alta Vistan</subfield></datafield><datafield ind1="1" ind2=" " tag="787"><subfield code="t">Alta Vista section</subfield></datafield><datafield ind1="1" ind2=" " tag="787"><subfield code="t">Alta Vistan section</subfield></datafield></record>